<record><leader>01391cam a2200361 a 4500</leader><controlfield tag="001">1375638</controlfield><controlfield tag="008">910521s1985    nyu      b      1 0 eng d</controlfield><datafield ind1=" " ind2=" " tag="010"><subfield code="a">   84023117 //r882</subfield></datafield><datafield ind1=" " ind2=" " tag="020"><subfield code="a">0231056362</subfield></datafield><datafield ind1=" " ind2=" " tag="020"><subfield code="a">0231056370 (pbk.)</subfield></datafield><datafield ind1=" " ind2=" " tag="035"><subfield code="a">ocm11398692</subfield></datafield><datafield ind1=" " ind2=" " tag="040"><subfield code="a">DLC</subfield><subfield code="b">eng</subfield><subfield code="c">DLC</subfield><subfield code="d">ARDC</subfield></datafield><datafield ind1=" " ind2=" " tag="049"><subfield code="a">AEU</subfield><subfield code="b">eng</subfield></datafield><datafield ind1="0" ind2="0" tag="050"><subfield code="a">PN1995.7</subfield><subfield code="b">.F53 1985</subfield></datafield><datafield ind1="0" ind2=" " tag="082"><subfield code="a">791.43/024</subfield><subfield code="2">19</subfield></datafield><datafield ind1=" " ind2=" " tag="090"><subfield code="a">PN 1995.7 F557 1985</subfield><subfield code="b">ARDC</subfield></datafield><datafield ind1="0" ind2=" " tag="090"><subfield code="a">PN 1995.7 F488 1985</subfield></datafield><datafield ind1="0" ind2="0" tag="245"><subfield code="a">Film sound :</subfield><subfield code="b">theory and practice /</subfield><subfield code="c">edited by Elisabeth Weis and John Belton.</subfield></datafield><datafield ind1=" " ind2=" " tag="260"><subfield code="a">New York :</subfield><subfield code="b">Columbia University Press,</subfield><subfield code="c">1985.</subfield></datafield><datafield ind1=" " ind2=" " tag="300"><subfield code="a">xii, 462 p. ;</subfield><subfield code="c">24 cm.</subfield></datafield><datafield ind1=" " ind2=" " tag="336"><subfield code="a">text</subfield><subfield code="b">txt</subfield><subfield code="2">rdacontent</subfield></datafield><datafield ind1=" " ind2=" " tag="337"><subfield code="a">unmediated</subfield><subfield code="b">n</subfield><subfield code="2">rdamedia</subfield></datafield><datafield ind1=" " ind2=" " tag="338"><subfield code="a">volume</subfield><subfield code="b">nc</subfield><subfield code="2">rdacarrier</subfield></datafield><datafield ind1=" " ind2=" " tag="504"><subfield code="a">"Annotated bibliography on film sound (excluding music) / Claudia Gorbman": p. [427]-445.</subfield></datafield><datafield ind1=" " ind2=" " tag="504"><subfield code="a">Includes bibliographies and index.</subfield></datafield><datafield ind1=" " ind2=" " tag="596"><subfield code="a">35 43</subfield></datafield><datafield ind1=" " ind2="0" tag="650"><subfield code="a">Sound motion pictures.</subfield></datafield><datafield ind1=" " ind2="0" tag="650"><subfield code="a">Sound</subfield><subfield code="x">Recording and reproducing.</subfield></datafield><datafield ind1=" " ind2="0" tag="650"><subfield code="a">Motion pictures</subfield><subfield code="x">Aesthetics.</subfield></datafield><datafield ind1="1" ind2=" " tag="700"><subfield code="a">Weis, Elisabeth,</subfield><subfield code="d">1944-</subfield></datafield><datafield ind1="1" ind2=" " tag="700"><subfield code="a">Belton, John.</subfield></datafield><datafield ind1=" " ind2=" " tag="926"><subfield code="a">PN 1995.7 F488 1985</subfield><subfield code="w">LC</subfield><subfield code="c">1</subfield><subfield code="i">000036659175</subfield><subfield code="d">4/20/2014</subfield><subfield code="e">4/5/2014</subfield><subfield code="l">ON_SHELF</subfield><subfield code="m">UAHSS</subfield><subfield code="n">58</subfield><subfield code="p">$150.00</subfield><subfield code="r">Y</subfield><subfield code="s">Y</subfield><subfield code="t">BOOK</subfield><subfield code="u">6/5/1991</subfield></datafield><datafield ind1=" " ind2=" " tag="926"><subfield code="a">PN 1995.7 F557 1985</subfield><subfield code="w">LC</subfield><subfield code="c">1</subfield><subfield code="i">30125301807276</subfield><subfield code="d">5/23/2012</subfield><subfield code="e">5/16/2012</subfield><subfield code="l">FLOOR_2</subfield><subfield code="m">RED_DEER_C</subfield><subfield code="n">12</subfield><subfield code="p">$75.00</subfield><subfield code="r">Y</subfield><subfield code="s">Y</subfield><subfield code="t">BOOK</subfield><subfield code="u">9/14/2001</subfield></datafield></record>